<record><leader>00000cas a2200000 a 4500</leader><controlfield tag="001">28878133</controlfield><controlfield tag="008">930923d19311972tnuwn ne     s0    0eng c</controlfield><datafield ind1=" " ind2=" " tag="010"><subfield code="a">sn 97065221 </subfield></datafield><datafield ind1=" " ind2=" " tag="040"><subfield code="a">TKN</subfield><subfield code="b">eng</subfield><subfield code="c">TKN</subfield><subfield code="d">TGN</subfield><subfield code="d">OCL</subfield><subfield code="d">OCLCQ</subfield><subfield code="d">TGN</subfield><subfield code="d">OCLCQ</subfield><subfield code="d">OCLCF</subfield><subfield code="d">OCLCO</subfield></datafield><datafield ind1="1" ind2=" " tag="029"><subfield code="a">AU@</subfield><subfield code="b">000013434863</subfield></datafield><datafield ind1=" " ind2=" " tag="042"><subfield code="a">pcc</subfield></datafield><datafield ind1=" " ind2=" " tag="043"><subfield code="a">n-us-tn</subfield></datafield><datafield ind1="0" ind2=" " tag="130"><subfield code="a">Tiger rag (Memphis, Tenn.)</subfield></datafield><datafield ind1="1" ind2="4" tag="245"><subfield code="a">The tiger rag.</subfield></datafield><datafield ind1="3" ind2="0" tag="246"><subfield code="a">Tiger rag bulletin board</subfield></datafield><datafield ind1=" " ind2=" " tag="260"><subfield code="a">Memphis, Tenn. :</subfield><subfield code="b">State Teachers College,</subfield><subfield code="c">1931-1972.</subfield></datafield><datafield ind1=" " ind2=" " tag="300"><subfield code="a">v. :</subfield><subfield code="b">ill. ;</subfield><subfield code="c">56 cm.</subfield></datafield><datafield ind1=" " ind2=" " tag="310"><subfield code="a">Semiweekly,</subfield><subfield code="b">1965-1972</subfield></datafield><datafield ind1=" " ind2=" " tag="321"><subfield code="a">Weekly,</subfield><subfield code="b">1931-1964</subfield></datafield><datafield ind1="0" ind2=" " tag="362"><subfield code="a">Vol. 1, no. 1 (Nov. 23, 1931)-v. 35, no. 55 (Apr. 25, 1972).</subfield></datafield><datafield ind1=" " ind2=" " tag="500"><subfield code="a">"Published by the students in interest of State Teachers College, Memphis, Tenn."</subfield></datafield><datafield ind1=" " ind2=" " tag="500"><subfield code="a">The Tiger Rag Bulletin Board is a bound scrapbook containing articles posted by the DeSoto staff between Oct. 1942 and May 1943 during the suspension of the official newspaper due to the shortage of newsprint caused by the war.</subfield></datafield><datafield ind1=" " ind2=" " tag="515"><subfield code="a">Scattered issues published Oct. 1942-May 1943.</subfield></datafield><datafield ind1=" " ind2=" " tag="550"><subfield code="a">Issued by: The students of State Teachers College, 1931-1941; the students of Memphis State College, 1941-1957; the students of Memphis State University, 1957-1972.</subfield></datafield><datafield ind1="2" ind2="0" tag="610"><subfield code="a">State Teachers College (Memphis, Tenn.)</subfield><subfield code="x">Students</subfield><subfield code="v">Newspapers.</subfield></datafield><datafield ind1="2" ind2="0" tag="610"><subfield code="a">Memphis State College</subfield><subfield code="x">Students</subfield><subfield code="v">Newspapers.</subfield></datafield><datafield ind1="2" ind2="0" tag="610"><subfield code="a">Memphis State University</subfield><subfield code="x">Students</subfield><subfield code="v">Newspapers.</subfield></datafield><datafield ind1=" " ind2="0" tag="650"><subfield code="a">Universities and colleges</subfield><subfield code="z">Tennessee</subfield><subfield code="z">Memphis</subfield><subfield code="v">Newspapers.</subfield></datafield><datafield ind1=" " ind2="0" tag="651"><subfield code="a">Memphis (Tenn.)</subfield><subfield code="v">Newspapers.</subfield></datafield><datafield ind1=" " ind2="0" tag="651"><subfield code="a">Shelby County (Tenn.)</subfield><subfield code="v">Newspapers.</subfield></datafield><datafield ind1=" " ind2="7" tag="655"><subfield code="a">Newspapers.</subfield><subfield code="2">fast</subfield><subfield code="0">(OCoLC)fst01423814</subfield></datafield><datafield ind1="2" ind2="7" tag="610"><subfield code="a">Memphis State College.</subfield><subfield code="2">fast</subfield><subfield code="0">(OCoLC)fst00623705</subfield></datafield><datafield ind1="2" ind2="7" tag="610"><subfield code="a">Memphis State University.</subfield><subfield code="2">fast</subfield><subfield code="0">(OCoLC)fst00542318</subfield></datafield><datafield ind1="2" ind2="7" tag="610"><subfield code="a">State Teachers College (Memphis, Tenn.)</subfield><subfield code="2">fast</subfield><subfield code="0">(OCoLC)fst00623706</subfield></datafield><datafield ind1=" " ind2="7" tag="650"><subfield code="a">Students.</subfield><subfield code="2">fast</subfield><subfield code="0">(OCoLC)fst01136041</subfield></datafield><datafield ind1=" " ind2="7" tag="650"><subfield code="a">Universities and colleges.</subfield><subfield code="2">fast</subfield><subfield code="0">(OCoLC)fst01161597</subfield></datafield><datafield ind1=" " ind2="7" tag="651"><subfield code="a">Tennessee</subfield><subfield code="z">Memphis.</subfield><subfield code="2">fast</subfield><subfield code="0">(OCoLC)fst01204194</subfield></datafield><datafield ind1=" " ind2="7" tag="651"><subfield code="a">Tennessee</subfield><subfield code="z">Shelby County.</subfield><subfield code="2">fast</subfield><subfield code="0">(OCoLC)fst01209894</subfield></datafield><datafield ind1="2" ind2=" " tag="710"><subfield code="a">State Teachers College (Memphis, Tenn.)</subfield></datafield><datafield ind1="2" ind2=" " tag="710"><subfield code="a">Memphis State College.</subfield></datafield><datafield ind1="2" ind2=" " tag="710"><subfield code="a">Memphis State University.</subfield></datafield><datafield ind1=" " ind2=" " tag="752"><subfield code="a">United States</subfield><subfield code="b">Tennessee</subfield><subfield code="c">Shelby</subfield><subfield code="d">Memphis.</subfield></datafield><datafield ind1="0" ind2="0" tag="780"><subfield code="t">Columns (Memphis, Tenn.)</subfield><subfield code="w">(DLC)sn2004062305</subfield><subfield code="w">(OCoLC)55059500</subfield></datafield><datafield ind1="0" ind2="0" tag="785"><subfield code="t">Helmsman (Memphis, Tenn.)</subfield><subfield code="w">(DLC)sn2004062306</subfield><subfield code="w">(OCoLC)55655429</subfield></datafield></record>